% This file was created with JabRef 2.7b.
% Encoding: UTF-8



@MISC{website:ssl,
  author = {IETF},
  title = {The Secure Sockets Layer (SSL) Protocol Version 3.0 (RFC 6101)},
  howpublished = {\url{http://tools.ietf.org/html/rfc6101}},
  note = {[WWW] (28.03.2012)}
}

@BOOK{book:code-complete,
  title = {Code Complete},
  publisher = {Microsoft Press},
  year = {2004},
  author = {Steve McConnell},
  address = {Redmond, Washington},
  edition = {Second}
}


         
@MANUAL{OppeArenduskeskus2010,
  title = {Juhend kvaliteetse e-kursuse loomiseks},
  author = {Anne Villems and Ene Koitla and Kerli Kusnets and Lehti Pilt and Marge Kusmin and Margus Niitsoo and Marit Dremljuga-Telk and Merle Varendi and Toomas Plank},
  edition = {Second},
  year = {2010},
  publisher = {e-Õppe Arenduskeskus},
  timestamp = {2013.02.23}
}

@MISC{10VulnerApps,
  title = {10 VULNERABLE WEB APPLICATIONS YOU CAN PLAY WITH},
  author = {TODO},
  url = {http://pentestlab.org/10-vulnerable-web-applications-you-can-play-with/},
  owner = {margus},
  year = {2013},
  timestamp = {2013.03.29}
}

@MISC{csbib98web,
  title = {The collection of computer science bibliographies},
  url = {http://liinwww.ira.uka.de/bibliography/index.html}
}

@article{greenwade93,
    author  = "George D. Greenwade",
    title   = "The {C}omprehensive {T}ex {A}rchive {N}etwork ({CTAN})",
    year    = "1993",
    journal = "TUGBoat",
    volume  = "14",
    number  = "3",
    pages   = "342--351"
}

%TODO - pole veel kasutuses
@MISC{SecEngineering,
author = {Ross J. Anderson},
title = {Security Engineering},
year = {2008},
url = {http://www.cl.cam.ac.uk/~rja14/book.html}
}

%TODO aru saada sellest title ja author asjast
@misc{EITC,
author = {\gls{EITC}},
title = {Esonian IT College},
year = {2013},
howpublished = {\url{http://www.itcollege.ee/en/it-college/}}
}

@misc{CyberIsHot,
author = {William Jackson},
title = {Cybersecurity is hot on campus},
year = {2013},
howpublished = {\url{http://gcn.com/articles/2010/08/02/cybereye-box-cybersecurity-degrees-university-of-maryland.aspx}}
}
@misc{Strategy2008,
author = {{Cyber Security Strategy Committee}},
title = {Cyber Security Strategy 2008–2013},
year = {2008},
howpublished = {\url{http://www.kaitseministeerium.ee/files/kmin/img/files/Kuberjulgeoleku_strateegia_2008-2013_ENG.pdf}},
OPTurldate = {2013-04-18}
}

@misc{TUT_UT_curriculum,
author = {{TUT homepage}},
title = {Master of Cyber Security - Course outline},
howpublished = {\url{http://www.ttu.ee/studying/masters/masters_programmes/cyber-security/course-outline-20/}},
note = {[WWW] (2013-04-30)}
}


@misc{StrategyProposal2013,
author = {{Vabariigi Valitsus}},
title = {„Küberjulgeoleku strateegia 2014–2017“ koostamise ettepaneku heakskiitmine},
year = {2013},
month = {03},
howpublished = {\url{https://www.riigiteataja.ee/akt/326032013009}},
OPTurldate = {2013-04-18}
}
@incollection{lorents2009cyber,
  title={Cyber Society and Cooperative Cyber Defence},
  author={Lorents, Peeter and Ottis, Rain and Rikk, Raul},
  booktitle={Internationalization, Design and Global Development},
  pages={180--186},
  year={2009},
  publisher={Springer}
}

@article{singh2012effective,
  title={Effective course design methodology for online tesaching and learning on Angel course management system},
  author={Singh, Gurmukh and Siddiqui, Khalid},
  year={2012}
}

@article{lohr1998using,
  title={Using ADDIE To Design a Web-Based Training Interface.},
  author={Lohr, Linda},
  year={1998},
  publisher={ERIC}
}

@article{felder2003learning,
  title={Learning by doing},
  author={Felder, Richard M and Brent, Rebecca},
  journal={Chemical Engineering Education},
  volume={37},
  number={4},
  pages={282--309},
  year={2003}
}

@book{rowntree1986teaching,
  title={Teaching through self-instruction: a practical handbook for course developers},
  author={Rowntree, D.},
  isbn={9781850911487},
  lccn={86005163},
  url={http://books.google.ee/books?id=aK8WAAAAMAAJ},
  year={1986},
  publisher={Nichols Pub. Co.}
}

@book{food2011learning,
  title={E-Learning Methodologies: A Guide for Designing and Developing E-Learning Courses},
  key={E-Learning Methodologies},
  author={Food and Agriculture Organization of the United Nations},
  isbn={9789251070970},
  url={http://books.google.ee/books?id=-P5yMAEACAAJ},
  year={2011},
  publisher={Stylus Pub Llc}
}
@MISC{website:ict_puudu,
  author = {ERR},
  title = {Puudus IT-spetsialistidest on arvatust suurem},
  howpublished = {\url{http://uudised.err.ee/index.php?06229798}},
  year={2011},
  note = {[WWW] (2013-05-05)}
}
@MISC{website:ict_needs,
  author = {ERR},
  title = {IT Sector Needs Up to 3 Times More Specialists},
  howpublished = {\url{http://news.err.ee/economy/4e36cc73-e95a-454a-a07d-9f69ae93d814
}},
  year={2012},
  note = {[WWW] (2013-05-05)}
}
@MISC{website:TU_ict,
  author = {ERR},
  title = {University of Tartu Boosts Number of Tuition-Free IT Spots},
  howpublished = {\url{http://news.err.ee/Education/4e6a0a76-5cc8-444c-8267-a525622d67d2}},
  year={2012},
  note = {[WWW] (2013-05-05)}
}

@MISC{website:itc_facts,
  author = {\gls{EITC}},
  title = {Status \& Facts},
  howpublished = {\url{http://www.itcollege.ee/en/it-college/status-facts/}},
  year={2012},
  note = {[WWW] (2013-05-05)}
}

@MISC{website:id_models,
  author = {Martin Ryder},
  title = {Instructional Design Models},
  howpublished = {\url{http://carbon.ucdenver.edu/~mryder/itc/idmodels.html}},
  year={2013},
  note = {[WWW] (2013-05-10)}
}

@MISC{website:addie,
  author = {Donald Clark},
  title = {ADDIE Model},
  howpublished = {\url{http://www.nwlink.com/~donclark/history_isd/addie.html}},
  year={2011},
  note = {[WWW] (2013-05-10)}
}


@ARTICLE{website:using_addie,
  author = {Milton Mayfield},
  title = {{Creating training and development programs: using the ADDIE method}},
  journal = {Development and Learning in Organizations},
  year = {2011},
  volume = {25},
  pages = {19--22},
  doi = {10.1108/14777281111125363},
  issue = {3},
  masid = {57345320}
}

@inproceedings{chen2007learning,
  title={A Learning Management System with Knowledge Management Capability for Collaborative Learning},
  author={Chen, Hsuan-Hung and Chen, Kim-Joan and Chu, Yuan-Sun and Chang, Wan-Jen and Chen, Ming-Jen},
  booktitle={Computer Supported Cooperative Work in Design, 2007. CSCWD 2007. 11th International Conference on},
  pages={984--989},
  year={2007},
  organization={IEEE}
}